@online{van2020sgaxe,
  title        = {SGAxe: How SGX fails in practice},
  author       = {van Schaik, Stephan and Kwong, Andrew and Genkin, Daniel and Yarom, Yuval},
  year         = 2020,
  url          = {https://sgaxe.com/files/SGAxe.pdf},
  note         = {Last accessed: 2023-05-02}
}

@inproceedings{van2018foreshadow,
  title        = {Foreshadow: Extracting the Keys to the Intel $\{$SGX$\}$ Kingdom with Transient $\{$Out-of-Order$\}$ Execution},
  author       = {Van Bulck, Jo and Minkin, Marina and Weisse, Ofir and Genkin, Daniel and Kasikci, Baris and Piessens, Frank and Silberstein, Mark and Wenisch, Thomas F and Yarom, Yuval and Strackx, Raoul},
  year         = 2018,
  booktitle    = {27th USENIX Security Symposium (USENIX Security 18)},
  pages        = {991--1008}
}

@techreport{weisse2018foreshadow,
  title        = {Foreshadow-NG: Breaking the virtual memory abstraction with transient out-of-order execution},
  author       = {Weisse, Ofir and Van Bulck, Jo and Minkin, Marina and Genkin, Daniel and Kasikci, Baris and Piessens, Frank and Silberstein, Mark and Strackx, Raoul and Wenisch, Thomas F and Yarom, Yuval},
  year         = 2018,
  url          = {https://foreshadowattack.eu/foreshadow-NG.pdf},
  note         = {Last accessed: 2023-05-02}
}

@inproceedings{brasser2017software,
  title        = {Software grand exposure: {SGX} cache attacks are practical},
  author       = {Brasser, Ferdinand and M{\"u}ller, Urs and Dmitrienko, Alexandra and Kostiainen, Kari and Capkun, Srdjan and Sadeghi, Ahmad-Reza},
  year         = 2017,
  booktitle    = {11th USENIX WS on Offensive Technologies (WOOT 17)}
}

@inproceedings{gotzfried2017cache,
  title        = {Cache attacks on Intel SGX},
  author       = {G{\"o}tzfried, Johannes and Eckert, Moritz and Schinzel, Sebastian and M{\"u}ller, Tilo},
  year         = 2017,
  booktitle    = {Proceedings of the 10th European Workshop on Systems Security},
  pages        = {1--6}
}

@article{busi_2021securing,
  title        = {Securing Interruptible Enclaved Execution on Small Microprocessors},
  author       = {Busi, Matteo and Noorman, Job and Van Bulck, Jo and Galletta, Letterio and Degano, Pierpaolo and M{\"u}hlberg, Jan Tobias and Piessens, Frank},
  year         = 2021,
  journal      = {Transactions on Programming Languages and Systems (TOPLAS)},
  publisher    = {ACM},
  address      = {New York, NY, USA},
  volume       = 43,
  number       = 3,
  pages        = {1--77},
  doi          = {10.1145/3470534}
}

@inproceedings{winderix_2021_nemesis_def,
  title        = {Compiler-Assisted Hardening of Embedded Software Against Interrupt Latency Side-Channel Attacks},
  author       = {Winderix, Hans and M{\"u}hlberg, Jan Tobias and Piessens, Frank},
  year         = 2021,
  booktitle    = {EuroS\&P '21},
  publisher    = {IEEE},
  address      = {Washington, DC, USA},
  pages        = {667 -- 682},
  doi          = {10.1109/EuroSP51992.2021.00050}
}

@inproceedings{van2018nemesis,
  title        = {Nemesis: Studying microarchitectural timing leaks in rudimentary CPU interrupt logic},
  author       = {Van Bulck, Jo and Piessens, Frank and Strackx, Raoul},
  year         = 2018,
  booktitle    = {Proceedings of the 2018 ACM SIGSAC Conf, on Computer and Comm. Security},
  pages        = {178--195}
}

@inproceedings{abate2019journey,
  title        = {Journey beyond full abstraction: Exploring robust property preservation for secure compilation},
  author       = {Abate, Carmine and Blanco, Roberto and Garg, Deepak and Hritcu, Catalin and Patrignani, Marco and Thibault, J{\'e}r{\'e}my},
  year         = 2019,
  booktitle    = {2019 IEEE 32nd Computer Security Foundations Symposium (CSF)},
  pages        = {256--25615},
  organization = {IEEE}
}

@inproceedings{noorman:authentic-execution,
  title        = {Authentic Execution of Distributed Event-Driven Applications with a Small {TCB}},
  author       = {Job Noorman and Jan Tobias M{\"u}hlberg and Frank Piessens},
  year         = 2017,
  booktitle    = {STM '17},
  publisher    = {Springer},
  address      = {Heidelberg},
  series       = {LNCS}
}

@inproceedings{brasser:tytan,
  title        = {{TyTAN}: {T}iny Trust Anchor for Tiny Devices},
  author       = {Brasser, Ferdinand and El Mahjoub, Brahim and Sadeghi, Ahmad-Reza and Wachsmann, Christian and Koeberl, Patrick},
  year         = 2015,
  booktitle    = {DAC},
  publisher    = {ACM},
  pages        = {34:1--34:6}
}

@inproceedings{controlled-channel-attacks,
  title        = {Controlled-Channel Attacks: Deterministic Side Channels for Untrusted Operating Systems},
  author       = {Yuanzhong Xu, Weidong Cui, Marcus Peinado},
  year         = 2015,
  booktitle    = {Symp. S\&P},
  publisher    = {IEEE}
}

@inproceedings{practical-timing-side-channel-aslr,
  title        = {Practical Timing Side Channel Attacks Against Kernel Space {ASLR}},
  author       = {Ralf Hund and Carsten Willems and Thorsten Holz},
  year         = 2013,
  booktitle    = {Symp. S\&P},
  publisher    = {IEEE}
}

@inproceedings{cache-side-channels-practical,
  title        = {Last-Level Cache Side-Channel Attacks are Practical},
  author       = {Fangfei Liu and Yuval Yarom and Qian Ge and Gernot Heiser and Ruby B. Lee},
  year         = 2015,
  booktitle    = {Symp. S\&P},
  publisher    = {IEEE},
  pages        = {605--622}
}

@inproceedings{vc3,
  title        = {{VC3:} Trustworthy Data Analytics in the Cloud Using {SGX}},
  author       = {Felix Schuster and Manuel Costa and C{\'{e}}dric Fournet and Christos Gkantsidis and Marcus Peinado and Gloria Mainar{-}Ruiz and Mark Russinovich},
  year         = 2015,
  booktitle    = {Symp. S\&P},
  publisher    = {IEEE},
  pages        = {38--54}
}

@inproceedings{dolev-yao,
  title        = {On the Security of Public Key Protocols},
  author       = {Dolev, D. and Yao, A. C.},
  year         = 1981,
  booktitle    = {SFCS},
  publisher    = {IEEE},
  pages        = {350--357}
}

@inproceedings{woolam,
  title        = {A semantic model for authentication protocols},
  author       = {Woo, T.Y.C. and Lam, S.S.},
  year         = 1993,
  booktitle    = {IEEE Symp. S\&P},
  publisher    = {IEEE},
  pages        = {178--194}
}

@inproceedings{flask,
  title        = {Flask: Staged Functional Programming for Sensor Networks},
  author       = {Mainland, Geoffrey and Morrisett, Greg and Welsh, Matt},
  year         = 2008,
  booktitle    = {ICFP},
  publisher    = {ACM}
}

@incollection{abadi,
  title        = {Protection in Programming-Language Translations},
  author       = {Mart{\'{\i}}n Abadi},
  year         = 1999,
  booktitle    = {Secure Internet Prog., Security Issues for Mobile and Distributed Objects},
  publisher    = {Springer},
  pages        = {19--34},
  editor       = {Jan Vitek and Christian D. Jensen},
  chapter      = 2
}

@inproceedings{warinschi,
  title        = {Foundations of Hardware-Based Attested Computation and Application to {SGX}},
  author       = {Manuel Barbosa and Bernardo Portela and Bogdan Warinschi and Guillaume Scerri},
  year         = 2016,
  booktitle    = {Euro S\&P},
  publisher    = {IEEE}
}

@inproceedings{senshare,
  title        = {Sen{S}hare: Transforming Sensor Networks into Multi-application Sensing Infrastructures},
  author       = {Leontiadis, Ilias and Efstratiou, Christos and Mascolo, Cecilia and Crowcroft, Jon},
  year         = 2012,
  booktitle    = {EWSN},
  publisher    = {Springer},
  pages        = {65--81}
}

@article{alves:trustzone,
  title        = {Trust{Z}one: Integrated hardware and software security},
  author       = {Alves, Tiago and Felton, Don},
  year         = 2004,
  journal      = {Information Quarterly},
  publisher    = {ARM},
  volume       = 3,
  number       = 4,
  pages        = {18--24}
}

@inproceedings{bite,
  title        = {Bump in the Ether: A Framework for Securing Sensitive User Input},
  author       = {McCune, Jonathan M. and Perrig, Adrian and Reiter, Michael K.},
  year         = 2006,
  booktitle    = {ATEC},
  publisher    = {USENIX}
}

@inproceedings{bumpy,
  title        = {Safe Passage for Passwords and Other Sensitive Data},
  author       = {Jonathan M. McCune and Adrian Perrig and Michael K. Reiter},
  year         = 2009,
  booktitle    = {NDSS}
}

@inproceedings{contiki,
  title        = {Contiki - a lightweight and flexible operating system for tiny networked sensors},
  author       = {Dunkels, A. and Gronvall, B. and Voigt, T.},
  year         = 2004,
  booktitle    = {Local Comp. Net.},
  publisher    = {IEEE},
  pages        = {455--462}
}

@incollection{driverguard,
  title        = {Driver{G}uard: A Fine-Grained Protection on I/O Flows},
  author       = {Cheng, Yueqiang and Ding, Xuhua and Deng, RobertH.},
  year         = 2011,
  booktitle    = {ESORICS},
  publisher    = {Springer},
  series       = {LNCS},
  volume       = 6879
}

@inproceedings{duplex-sponge,
  title        = {Duplexing the {S}ponge: Single-pass authenticated encryption and other applications},
  author       = {Guido Bertoni and Joan Daemen and MichaÃ«l Peeters and Gilles Van Assche},
  year         = 2011,
  booktitle    = {SAC},
  publisher    = {Springer},
  pages        = {320--337}
}

@inproceedings{eldefrawy:smart,
  title        = {{SMART}: {S}ecure and {M}inimal {A}rchitecture for ({E}stablishing a {D}ynamic) {R}oot of {T}rust},
  author       = {{E}ldefrawy, {K}arim and  {F}rancillon, {A}ur{\'e}lien and  {P}erito, {D}aniele and  {T}sudik, {G}ene},
  year         = 2012,
  booktitle    = {NDSS}
}

@inproceedings{fernandez-gago:wsn_trust_management_survey,
  title        = {A Survey on the Applicability of Trust Management Systems for Wireless Sensor Networks},
  author       = {Fernandez-Gago, M.C. and Roman, R. and Lopez, J.},
  year         = 2007,
  booktitle    = {SECPerU},
  pages        = {25--30}
}

@inproceedings{fides,
  title        = {Fides: Selectively hardening software application components against kernel-level or process-level malware},
  author       = {Strackx, Raoul and Piessens, Frank},
  year         = 2012,
  booktitle    = {CCS},
  publisher    = {ACM},
  pages        = {2--13}
}

@inproceedings{flicker,
  title        = {Flicker: An Execution Infrastructure for {TCB} Minimization},
  author       = {McCune, Jonathan M. and Parno, Bryan J. and Perrig, Adrian and Reiter, Michael K. and Isozaki, Hiroshi},
  year         = 2008,
  booktitle    = {Eurosys},
  publisher    = {ACM},
  pages        = {315--328}
}

@article{granjal:wsn_internet_survey,
  title        = {Security in the integration of low-power Wireless Sensor Networks with the Internet: A survey},
  author       = {Jorge Granjal and Edmundo Monteiro and Jorge SÃ¡ Silva},
  year         = 2015,
  journal      = {Ad Hoc Networks},
  volume       = {24, Part A},
  number       = {0},
  pages        = {264--287}
}

@article{lopez:trust_management_wsn,
  title        = {Trust Management Systems for Wireless Sensor Networks: Best Practices},
  author       = {Lopez, Javier and Roman, Rodrigo and Agudo, Isaac and Fernandez-Gago, Carmen},
  year         = 2010,
  journal      = {Comput. Commun.},
  publisher    = {Elsevier},
  volume       = 33,
  number       = 9,
  pages        = {1086--1093}
}

@article{maene:hardware,
  title        = {Hardware-Based Trusted Computing Architectures for Isolation and Attestation},
  author       = {P. Maene and J. G\"otzfried and R. de Clercq and T. M\"uller and F. Freiling and I. Verbauwhede},
  year         = 2018,
  journal      = {IEEE Transactions on Computers},
  publisher    = {IEEE},
  volume       = 67,
  number       = 9,
  pages        = {361--374}
}

@inproceedings{pma,
  title        = {Protected software module architectures},
  author       = {Strackx, Raoul and Noorman, Job and Verbauwhede, Ingrid and Preneel, Bart and Piessens, Frank},
  year         = 2013,
  booktitle    = {ISSE 2013 Securing Electronic Business Processes},
  publisher    = {Springer},
  pages        = {241--251}
}

@article{roman:securing_iot,
  title        = {Securing the Internet of Things},
  author       = {Roman, Rodrigo and Najera, Pablo and Lopez, Javier},
  year         = 2011,
  journal      = {Computer},
  publisher    = {IEEE},
  volume       = 44,
  number       = 9,
  pages        = {51--58}
}

@inproceedings{sancus,
  title        = {Sancus: Low-cost trustworthy extensible networked devices with a zero-software trusted computing base},
  author       = {Noorman, Job and Agten, Pieter and Daniels, Wilfried and Strackx, Raoul and Van Herrewege, Anthony and Huygens, Christophe and Preneel, Bart and Verbauwhede, Ingrid and Piessens, Frank},
  year         = 2013,
  booktitle    = {USENIX Sec. Symp.},
  publisher    = {USENIX},
  pages        = {479--494}
}

@inproceedings{secure-compilation,
  title        = {Secure compilation to modern processors},
  author       = {Agten, Pieter and Strackx, Raoul and Jacobs, Bart and Piessens, Frank},
  year         = 2012,
  booktitle    = {CSF},
  publisher    = {IEEE},
  pages        = {171--185}
}

@inproceedings{secure-interrupts,
  title        = {Secure Interrupts on Low-End Microcontrollers},
  author       = {De Clercq, Ruan and Piessens, Frank and Schellekens, Dries and Verbauwhede, Ingrid},
  year         = 2014,
  booktitle    = {ASAP}
}

@inproceedings{sgx,
  title        = {Innovative Instructions and Software Model for Isolated Execution},
  author       = {McKeen, Frank and Alexandrovich, Ilya and Berenzon, Alex and Rozas, Carlos V. and Shafi, Hisham and Shanbhogue, Vedvyas and Savagaonkar, Uday R.},
  year         = 2013,
  booktitle    = {HASP},
  publisher    = {ACM},
  pages        = {10:1--10:1}
}

@article{spongent,
  title        = {{SPONGENT}: The Design Space of Lightweight Cryptographic Hashing},
  author       = {Andrey Bogdanov and Miroslav Knezevic and Gregor Leander and Deniz Toz and Kerem Varici and Ingrid Verbauwhede},
  year         = 2012,
  journal      = {IEEE Transactions on Computers},
  publisher    = {IEEE},
  volume       = 99,
  number       = {PrePrints},
  pages        = 1
}

@inproceedings{trustlite,
  title        = {Trust{L}ite: A Security Architecture for Tiny Embedded Devices},
  author       = {Koeberl, Patrick and Schulz, Steffen and Sadeghi, Ahmad-Reza and Varadharajan, Vijay},
  year         = 2014,
  booktitle    = {EuroSys},
  publisher    = {ACM},
  pages        = {10:1--10:14}
}

@inproceedings{trustvisor,
  title        = {TrustVisor: Efficient TCB Reduction and Attestation},
  author       = {McCune, Jonathan M. and Li, Yanlin and Qu, Ning and Zhou, Zongwei and Datta, Anupam and Gligor, Virgil and Perrig, Adrian},
  year         = 2010,
  booktitle    = {Symposium on Security and Privacy},
  publisher    = {IEEE},
  pages        = {143--158}
}

@inproceedings{verifiable-tp-commodity,
  title        = {Building Verifiable Trusted Path on Commodity x86 Computers},
  author       = {Zhou, Zongwei and Gligor, Virgil D. and Newsome, James and McCune, Jonathan M.},
  year         = 2012,
  booktitle    = {Symp. S\&P},
  publisher    = {IEEE}
}

@inproceedings{wimpy-kernels,
  title        = {Dancing with Giants: Wimpy Kernels for On-Demand Isolated I/O},
  author       = {Zhou, Zongwei and Yu, Miao and Gligor, Virgil D.},
  year         = 2014,
  booktitle    = {Symp. S\&P},
  publisher    = {IEEE},
  pages        = {308--323}
}

@inproceedings{ztick,
  title        = {The Zurich Trusted Information Channel --- An Efficient Defence Against Man-in-the-Middle and Malicious Software Attacks},
  author       = {Weigold, Thomas and Kramp, Thorsten and Hermann, Reto and H\"{o}ring, Frank and Buhler, Peter and Baentsch, Michael},
  year         = 2008,
  booktitle    = {Trust},
  publisher    = {Springer},
  pages        = {75--91}
}

@inproceedings{muehlber:sancus-ta,
  title        = {Lightweight and Flexible Trust Assessment Modules  for the {I}nternet of {T}hings},
  author       = {Jan Tobias M{\"u}hlberg and Job Noorman  and Frank Piessens},
  year         = 2015,
  booktitle    = {ESORICS},
  publisher    = {Springer},
  series       = {LNCS},
  volume       = 9326,
  pages        = {503--520}
}

@inproceedings{vanbulck_2017vulcan,
  title        = {{VulCAN}: {E}fficient Component Authentication and Software Isolation for Automotive Control Networks},
  author       = {Van Bulck, Jo and M{\"u}hlberg, Jan Tobias and Piessens, Frank},
  year         = 2017,
  booktitle    = {ACSAC '17},
  publisher    = {ACM},
  address      = {New York, NY, USA},
  pages        = {225--237}
}

@inproceedings{muehlber_2018tutorial_enclaves,
  title        = {Tutorial: Building Distributed Enclave Applications with {Sancus} and {SGX}},
  author       = {M{\"u}hlberg, Jan Tobias and Van Bulck, Jo},
  year         = 2018,
  booktitle    = {DSN '18},
  publisher    = {IEEE}
}

@inproceedings{alder_2021_aion,
  title        = {Aion: {E}nabling {O}pen {S}ystems through {S}trong {A}vailability {G}uarantees for {E}nclaves},
  author       = {Alder, Fritz and Van Bulck, Jo and Piessens, Frank and M{\"u}hlberg, Jan Tobias},
  year         = 2021,
  booktitle    = {CCS '21},
  publisher    = {ACM},
  address      = {Seoul, South Korea}
}

@inproceedings{eskandarian2019fidelius,
  title        = {Fidelius: Protecting User Secrets from Compromised Browsers},
  author       = {Eskandarian, Saba and Cogan, Jonathan and Birnbaum, Sawyer and Brandon, Peh Chang Wei and Franke, Dillon and Fraser, Forest and Garcia, Gaspar and Gong, Eric and Nguyen, Hung T. and Sethi, Taresh K. and Subbiah, Vishal and Backes, Michael and Pellegrino, Giancarlo and Boneh, Dan},
  year         = 2019,
  booktitle    = {2019 IEEE Symposium on Security and Privacy (SP)},
  volume       = {},
  number       = {},
  pages        = {264--280},
  doi          = {10.1109/SP.2019.00036}
}

@online{enarx,
  title        = {Enarx: Confidential Computing with WebAssembly},
  author       = {Enarx},
  year         = 2023,
  url          = {https://github.com/enarx/enarx/},
  note         = {Last accessed: 2023-05-02}
}

@inproceedings{muehlber_smart_meter,
  title        = {An Implementation of a High Assurance Smart Meter using Protected Module Architectures},
  author       = {M{\"u}hlberg, Jan Tobias and Cleemput, Sara and Mustafa, A. Mustafa and Van Bulck, Jo and Preneel, Bart and Piessens, Frank},
  year         = 2016,
  booktitle    = {WISTP '16},
  publisher    = {Springer},
  address      = {Heidelberg},
  series       = {LNCS},
  volume       = 9895,
  pages        = {53--69}
}

@article{noorman_sancus2,
  title        = {Sancus 2.0: {A} Low-Cost Security Architecture for {I}o{T} Devices},
  author       = {Job Noorman and Van Bulck, Jo and Jan Tobias M{\"u}hlberg and Frank Piessens and Pieter Maene and Bart Preneel and Ingrid Verbauwhede and Johannes G{\"o}tzfried and Tilo M{\"u}ller and Felix Freiling},
  year         = 2017,
  journal      = {ACM Transactions on Privacy and Security (TOPS)},
  publisher    = {ACM},
  volume       = 20,
  number       = 3,
  pages        = {7:1--7:33}
}

@mastersthesis{scopelliti2020thesis,
  title        = {Securing Smart Environments with Authentic Execution},
  author       = {Scopelliti, Gianluca},
  year         = 2020,
  note         = {\url{https://distrinet.cs.kuleuven.be/software/sancus/publications/scopelliti2020.pdf} Last accessed: 2023-05-02},
  school       = {Politecnico Di Torino}
}

@inproceedings{zhu2020hetero,
  title        = {Enabling Rack-scale Confidential Computing using Heterogeneous Trusted Execution Environment},
  author       = {Zhu, Jianping and Hou, Rui and Wang, XiaoFeng and Wang, Wenhao and Cao, Jiangfeng and Zhao, Boyan and Wang, Zhongpu and Zhang, Yuhui and Ying, Jiameng and Zhang, Lixin and Meng, Dan},
  year         = 2020,
  booktitle    = {2020 IEEE Symposium on Security and Privacy (SP)},
  volume       = {},
  number       = {},
  pages        = {1450--1465},
  doi          = {10.1109/SP40000.2020.00054}
}

@inproceedings{baccelli2013riot,
  title        = {RIOT OS: Towards an OS for the Internet of Things},
  author       = {Baccelli, Emmanuel and Hahm, Oliver and G{\"u}nes, Mesut and W{\"a}hlisch, Matthias and Schmidt, Thomas C},
  year         = 2013,
  booktitle    = {2013 IEEE Conf. on Computer Communications Workshops (INFOCOM)},
  pages        = {79--80},
  organization = {IEEE}
}

@article{johnson2016intel,
  title        = {Intel software guard extensions: EPID provisioning and attestation services},
  author       = {Johnson, Simon and Scarlata, Vinnie and Rozas, Carlos and Brickell, Ernie and Mckeen, Frank},
  year         = 2016,
  journal      = {White Paper},
  volume       = 1,
  number       = {1-10},
  pages        = 119
}

@article{scarlata2018supporting,
  title        = {Supporting third party attestation for Intel SGX with Intel data center attestation primitives},
  author       = {Scarlata, Vinnie and Johnson, Simon and Beaney, James and Zmijewski, Piotr},
  year         = 2018,
  journal      = {White paper},
  publisher    = {Intel Corporation}
}

@article{Pinto2019DemystifyingAT,
  title        = {Demystifying Arm TrustZone: A Comprehensive Survey},
  author       = {Sandro Pinto and Nuno Santos},
  year         = 2019,
  journal      = {ACM Computing Surveys (CSUR)},
  volume       = 51,
  number       = 6,
  pages        = {1--36}
}

@article{Ngabonziza2016TrustZoneEA,
  title        = {TrustZone Explained: Architectural Features and Use Cases},
  author       = {Bernard Ngabonziza and Daniel Martin and Anna Bailey and Haehyun Cho and Sarah Martin},
  year         = 2016,
  journal      = {2016 IEEE 2nd Int. Conf. Collab. and Internet Computing (CIC)},
  pages        = {445--451}
}

@inproceedings{FTPM,
  title        = {fTPM: A Software-Only Implementation of a TPM Chip},
  author       = {Himanshu Raj and Stefan Saroiu and Alec Wolman and Ronald Aigner and Jeremiah Cox and Paul England and Chris Fenner and Kinshuman Kinshumann and Jork L{\"o}ser and Dennis Mattoon and Magnus Nystr{\"o}m and David Robinson and Rob Spiger and Stefan Thom and David Wooten},
  year         = 2016,
  booktitle    = {USENIX Security Symposium}
}

@online{TBB,
  title        = {Trusted Board Boot},
  author       = {ARM-software},
  year         = 2023,
  url          = {https://github.com/ARM-software/arm-trusted-firmware/blob/master/docs/design/trusted-board-boot.rst},
  note         = {Last accessed: 2023-05-02}
}

@online{OPTEE,
  title        = {OP-TEE Documentation},
  author       = {Linaro},
  year         = 2023,
  url          = {https://optee.readthedocs.io/},
  note         = {Last accessed: 2023-05-02}
}

@online{fortanix-edp,
  title        = {Fortanix Enclave Development Platform},
  author       = {Fortanix},
  year         = 2023,
  url          = {https://edp.fortanix.com/},
  note         = {Last accessed: 2023-05-02}
}

@online{debian-stats,
  title        = {Debian 11 (bullseye) statistics},
  author       = {Debian},
  year         = 2023,
  url          = {https://sources.debian.org/stats/bullseye/},
  note         = {Last accessed: 2023-05-02}
}

@online{openenclave,
  title        = {Open Enclave SDK},
  author       = {Open Enclave},
  year         = 2023,
  url          = {https://openenclave.io/sdk/},
  note         = {Last accessed: 2023-05-02}
}

@online{googleasylo,
  title        = {Google Asylo},
  author       = {Google},
  year         = 2023,
  url          = {https://asylo.dev/},
  note         = {Last accessed: 2023-05-02}
}

@techreport{kaplan2016amd,
  title        = {AMD memory encryption},
  author       = {Kaplan, David and Powell, Jeremy and Woller, Tom},
  year         = 2021,
  journal      = {White paper},
  url          = {https://www.amd.com/system/files/TechDocs/memory-encryption-white-paper.pdf},
  note         = {Last accessed: 2023-05-02}
}

@online{intelTdx,
  title        = {Intel Trust Domain Extensions},
  author       = {Intel},
  year         = 2023,
  url          = {https://www.intel.com/content/www/us/en/developer/articles/technical/intel-trust-domain-extensions.html},
  note         = {Last accessed: 2023-05-02}
}

@inproceedings{klein2009sel4,
  title        = {seL4: Formal verification of an OS kernel},
  author       = {Klein, Gerwin and Elphinstone, Kevin and Heiser, Gernot and Andronick, June and Cock, David and Derrin, Philip and Elkaduwe, Dhammika and Engelhardt, Kai and Kolanski, Rafal and Norrish, Michael and Sewell, Thomas and Tuch, Harvey and Winwood, Simon},
  year         = 2009,
  booktitle    = {Proceedings of the ACM SIGOPS 22nd symposium on Operating systems principles},
  pages        = {207--220}
}

@inproceedings{zheng2021secure,
  title        = {Secure Distributed Applications the Decent Way},
  author       = {Zheng, Haofan and Arden, Owen},
  year         = 2021,
  booktitle    = {Proceedings of the 2021 International Symposium on Advanced Security on Software and Systems},
  pages        = {29--42}
}

@online{marblerun,
  title        = {Marblerun: The control plane for confidential computing},
  author       = {Edgeless Systems},
  year         = 2023,
  url          = {https://marblerun.sh/},
  note         = {Last accessed: 2023-05-02}
}

@inproceedings{lee2020keystone,
  title        = {Keystone: An open framework for architecting trusted execution environments},
  author       = {Lee, Dayeol and Kohlbrenner, David and Shinde, Shweta and Asanovi{\'c}, Krste and Song, Dawn},
  year         = 2020,
  booktitle    = {Proc. of the Fifteenth European Conf. on Computer Systems},
  pages        = {1--16}
}

@inproceedings{Zhou1,
  title        = {Building Verifiable Trusted Path on Commodity x86 Computers},
  author       = {Zhou, Zongwei and Gligor, Virgil and Newsome, James and McCune, Jonathan},
  year         = 2012,
  month        = {05},
  journal      = {Proc. IEEE Symposium on Security and Privacy},
  pages        = {616--630},
  doi          = {10.1109/SP.2012.42},
  isbn         = {978-1-4673-1244-8}
}

@article{Zhou2,
  title        = {Dancing with Giants: Wimpy Kernels for On-Demand I/O Isolation},
  author       = {Zhou, Zongwei and Yu, Miao and Gligor, Virgil},
  year         = 2015,
  month        = {03},
  journal      = {Proc. IEEE Symposium on Security and Privacy},
  volume       = 13,
  pages        = {38--46},
  doi          = {10.1109/MSP.2015.26}
}

@inproceedings{SGXIO,
  title        = {SGXIO: Generic Trusted I/O Path for Intel SGX},
  author       = {Weiser, Samuel and Werner, Mario},
  year         = 2017,
  booktitle    = {Proceedings of the Seventh ACM on Conference on Data and Application Security and Privacy},
  publisher    = {Association for Computing Machinery},
  pages        = {261â-268},
  doi          = {10.1145/3029806.3029822},
  isbn         = 9781450345231
}

@phdthesis{SGX-USB,
  title        = {Building trust in the user I/O in computer systems},
  author       = {Yeong Jin, Jang},
  year         = 2017,
  school       = {Georgia Institute of Technology}
}

@inproceedings{alder2018migrating,
  title        = {Migrating SGX enclaves with persistent state},
  author       = {Alder, Fritz and Kurnikov, Arseny and Paverd, Andrew and Asokan, N},
  year         = 2018,
  booktitle    = {2018 48th Annual IEEE/IFIP International Conference on Dependable Systems and Networks (DSN)},
  pages        = {195--206},
  organization = {IEEE}
}

@inproceedings{TrustUI,
  title        = {Building trusted path on untrusted device drivers for mobile devices},
  author       = {Li, Wenhao and Ma, Mingyang and Han, Jinchen and Xia, Yubin and Zang, Binyu and Chu, Cheng-Kang and Li, Tieyan},
  year         = 2014,
  booktitle    = {Proceedings of 5th Asia-Pacific WS on Systems},
  pages        = {1--7},
  doi          = {10.1145/2637166.2637225},
  isbn         = {978-1-4503-3024-4}
}

@inproceedings{TrustOTP,
  title        = {TrustOTP: Transforming smartphones into secure one-time password tokens},
  author       = {Sun, He and Sun, Kun and Wang, Yuewu and Jing, Jiwu},
  year         = 2015,
  booktitle    = {Proceedings of the 22nd ACM SIGSAC Conf. on Computer and Communications Security},
  pages        = {976--988}
}

@inproceedings{TrustPay,
  title        = {TrustPAY: Trusted mobile payment on security enhanced ARM TrustZone platforms},
  author       = {Zheng, Xianyi and Yang, Lulu and Ma, Jiangang and Shi, Gang and Meng, Dan},
  year         = 2016,
  booktitle    = {2016 IEEE Symposium on Computers and Comm. (ISCC)},
  pages        = {456--462},
  organization = {IEEE}
}

@inproceedings{TruzView,
  title        = {Truz-view: Developing trustzone user interface for mobile os using delegation integration model},
  author       = {Ying, Kailiang and Thavai, Priyank and Du, Wenliang},
  year         = 2019,
  booktitle    = {Proc. 9th ACM Conf. on Data and Application Security and Privacy},
  pages        = {1--12}
}

@inproceedings{veriUI,
  title        = {Veriui: Attested login for mobile devices},
  author       = {Liu, Dongtao and Cox, Landon P},
  year         = 2014,
  booktitle    = {Proceedings of the 15th workshop on mobile computing systems and applications},
  pages        = {1--6}
}

@inproceedings{Truz-droid,
  title        = {Truz-droid: Integrating trustzone with mobile operating system},
  author       = {Ying, Kailiang and Ahlawat, Amit and Alsharifi, Bilal and Jiang, Yuexin and Thavai, Priyank and Du, Wenliang},
  year         = 2018,
  booktitle    = {Proceedings of the 16th annual international conference on mobile systems, applications, and services},
  pages        = {14--27}
}

@inproceedings{Vbutton,
  title        = {Vbutton: Practical attestation of user-driven operations in mobile apps},
  author       = {Li, Wenhao and Luo, Shiyu and Sun, Zhichuang and Xia, Yubin and Lu, Long and Chen, Haibo and Zang, Binyu and Guan, Haibing},
  year         = 2018,
  booktitle    = {Proceedings of the 16th annual international conf. on mobile systems, applications, and services},
  pages        = {28--40}
}

@inproceedings{Adattester,
  title        = {Adattester: Secure online mobile advertisement attestation using trustzone},
  author       = {Li, Wenhao and Li, Haibo and Chen, Haibo and Xia, Yubin},
  year         = 2015,
  booktitle    = {Proceedings of the 13th annual international conf. on mobile systems, applications, and services},
  pages        = {75--88}
}

@online{ProtectedConfirmation,
  title        = {Android Protected Confirmation: Taking transaction security to the next level},
  author       = {Danisevskis, Janis},
  year         = 2023,
  url          = {https://android-developers.googleblog.com/2018/10/android-protected-confirmation.html},
  note         = {Last accessed: 2023-05-02}
}

@inproceedings{raghavan_computational_2016,
  title        = {Computational {Agroecology}: {Sustainable} {Food} {Ecosystem} {Design}},
  shorttitle   = {Computational {Agroecology}},
  author       = {Raghavan, Barath and Nardi, Bonnie and Lovell, Sarah T. and Norton, Juliet and Tomlinson, Bill and Patterson, Donald J.},
  year         = 2016,
  month        = may,
  booktitle    = {Proceedings of the 2016 {CHI} {Conference} {Extended} {Abstracts} on {Human} {Factors} in {Computing} {Systems}},
  publisher    = {ACM},
  address      = {San Jose California USA},
  pages        = {423--435},
  doi          = {10.1145/2851581.2892577},
  isbn         = {978-1-4503-4082-3},
  urldate      = {2022-04-04},
  language     = {en}
}

@inproceedings{streed_how_2021,
  title        = {How {Sustainable} is the {Smart} {Farm}?},
  author       = {Streed, Adam and Kantar, Michael and Tomlinson, Bill and Raghavan, Barath},
  year         = 2021,
  month        = {jun 14},
  booktitle    = {Seventh {Workshop} on {Computing} within {Limits} 2021},
  organization = {LIMITS}
}

@misc{SGXexplained,
  title        = {Intel SGX Explained},
  author       = {Victor Costan and Srinivas Devadas},
  year         = 2016,
  url          = {https://eprint.iacr.org/2016/086},
  note         = {Last accessed: 2023-05-02},
  howpublished = {Cryptology ePrint Archive, Paper 2016/086}
}

@article{Aurora,
  title        = {Establishing Trusted {I/O} Paths for {SGX} Client Systems With Aurora},
  author       = {Hongliang Liang and Mingyu Li and Yixiu Chen and Lin Jiang and Zhuosi Xie and Tianqi Yang},
  year         = 2020,
  journal      = {{IEEE} Trans. Inf. Forensics Secur.},
  volume       = 15,
  pages        = {1589--1600}
}

@inproceedings{BASTION-SGX,
  title        = {{BASTION-SGX:} bluetooth and architectural support for trusted {I/O} on {SGX}},
  author       = {Travis Peters and Reshma Lal and Srikanth Varadarajan and Pradeep Pappachan and David Kotz},
  year         = 2018,
  booktitle    = {Proceedings of the 7th International Workshop on Hardware and Architectural Support for Security and Privacy, HASP@ISCA 2018, Los Angeles, CA, USA, June 02-02, 2018},
  publisher    = {{ACM}},
  pages        = {3:1--3:9},
  doi          = {10.1145/3214292.3214295},
  editor       = {Jakub Szefer and Weidong Shi and Ruby B. Lee}
}

@article{davis2020vulnerability,
  title        = {Vulnerability studies and security postures of IoT devices: A smart home case study},
  author       = {Davis, Brittany D and Mason, Janelle C and Anwar, Mohd},
  year         = 2020,
  journal      = {IEEE Internet of Things Journal},
  publisher    = {IEEE},
  volume       = 7,
  number       = 10,
  pages        = {10102--10110}
}

@article{shirazi2019anonymous,
  title        = {A Survey on Routing in Anonymous Communication Protocols},
  author       = {Shirazi, Fatemeh and Simeonovski, Milivoj and Asghar, Muhammad Rizwan and Backes, Michael and Diaz, Claudia},
  year         = 2018,
  month        = {jun},
  journal      = {ACM Comput. Surv.},
  publisher    = {Association for Computing Machinery},
  address      = {New York, NY, USA},
  volume       = 51,
  number       = 3,
  issue_date   = {May 2019},
  articleno    = 51,
  numpages     = 39
}

@inproceedings{li2022design,
  title        = {Design and Verification of the Arm Confidential Compute Architecture},
  author       = {Li, Xupeng and Li, Xuheng and Dall, Christoffer and Gu, Ronghui and Nieh, Jason and Sait, Yousuf and Stockwell, Gareth},
  year         = 2022,
  booktitle    = {16th USENIX Symposium on Operating Systems Design and Implementation (OSDI 22)},
  pages        = {465--484}
}

@techreport{intelTdxConnect,
  title        = {Intel {TDX} Connect Architecture Specification},
  author       = {Intel},
  year         = 2023,
  url          = {https://www.intel.com/content/www/us/en/content-details/773614/intel-tdx-connect-architecture-specification.html},
  note         = {Last accessed: 2023-05-02},
  version      = {354629 001-US}
}

@techreport{nvidiaCC,
  title        = {NVIDIA H100 Tensor Core GPU Architecture},
  author       = {NVIDIA},
  year         = 2023,
  url          = {https://resources.nvidia.com/en-us-tensor-core},
  note         = {Last accessed: 2023-05-02},
  version      = {v1.03}
}

@inproceedings{volos2018graviton,
  title        = {Graviton: Trusted Execution Environments on GPUs.},
  author       = {Volos, Stavros and Vaswani, Kapil and Bruno, Rodrigo},
  year         = 2018,
  booktitle    = {OSDI},
  pages        = {681--696}
}

@inproceedings{deng2022strongbox,
  title        = {StrongBox: A GPU TEE on Arm Endpoints},
  author       = {Deng, Yunjie and Wang, Chenxu and Yu, Shunchang and Liu, Shiqing and Ning, Zhenyu and Leach, Kevin and Li, Jin and Yan, Shoumeng and He, Zhengyu and Cao, Jiannong and others},
  year         = 2022,
  booktitle    = {Proceedings of the 2022 ACM SIGSAC Conference on Computer and Communications Security},
  pages        = {769--783}
}

@inproceedings{jang2019heterogeneous,
  title        = {Heterogeneous isolated execution for commodity gpus},
  author       = {Jang, Insu and Tang, Adrian and Kim, Taehoon and Sethumadhavan, Simha and Huh, Jaehyuk},
  year         = 2019,
  booktitle    = {Proceedings of the Twenty-Fourth International Conference on Architectural Support for Programming Languages and Operating Systems},
  pages        = {455--468}
}

@inproceedings{zhu2020enabling,
  title        = {Enabling rack-scale confidential computing using heterogeneous trusted execution environment},
  author       = {Zhu, Jianping and Hou, Rui and Wang, XiaoFeng and Wang, Wenhao and Cao, Jiangfeng and Zhao, Boyan and Wang, Zhongpu and Zhang, Yuhui and Ying, Jiameng and Zhang, Lixin and others},
  year         = 2020,
  booktitle    = {2020 IEEE Symposium on Security and Privacy (SP)},
  pages        = {1450--1465},
  organization = {IEEE}
}
